%% This BibTeX bibliography file was created using BibDesk.
%% http://bibdesk.sourceforge.net/

%% Created for rxdh at 2017-01-18 17:06:42 -0800 


%% Saved with string encoding Unicode (UTF-8) 



@article{HawkinsGoldstone16_SocialConventions,
	Abstract = {<p>Why are some behaviors governed by strong social conventions while others are not? We experimentally investigate two factors contributing to the formation of conventions in a game of impure coordination: the continuity of interaction within each round of play (simultaneous vs. real-time) and the stakes of the interaction (high vs. low differences between payoffs). To maximize efficiency and fairness in this game, players must coordinate on one of two equally advantageous equilibria. In agreement with other studies manipulating continuity of interaction, we find that players who were allowed to interact continuously within rounds achieved outcomes with greater efficiency and fairness than players who were forced to make simultaneous decisions. However, the stability of equilibria in the real-time condition varied systematically and dramatically with stakes: players converged on more stable patterns of behavior when stakes are high. To account for this result, we present a novel analysis of the dynamics of continuous interaction and signaling within rounds. We discuss this previously unconsidered interaction between within-trial and across-trial dynamics as a form of social canalization. When stakes are low in a real-time environment, players can satisfactorily coordinate ?on the fly?, but when stakes are high there is increased pressure to establish and adhere to shared expectations that persist across rounds.</p>},
	Author = {Hawkins, Robert X. D. and Goldstone, Robert L.},
	Date-Added = {2017-01-18 10:57:25 +0000},
	Date-Modified = {2017-01-18 10:57:25 +0000},
	Doi = {10.1371/journal.pone.0151670},
	Journal = {PLoS ONE},
	Month = {03},
	Number = {3},
	Pages = {1-14},
	Publisher = {Public Library of Science},
	Read = {1},
	Title = {The Formation of Social Conventions in Real-Time Environments},
	Url = {http://dx.doi.org/10.1371%2Fjournal.pone.0151670},
	Volume = {11},
	Year = {2016},
	Bdsk-File-1 = {YnBsaXN0MDDUAQIDBAUGJCVYJHZlcnNpb25YJG9iamVjdHNZJGFyY2hpdmVyVCR0b3ASAAGGoKgHCBMUFRYaIVUkbnVsbNMJCgsMDxJXTlMua2V5c1pOUy5vYmplY3RzViRjbGFzc6INDoACgAOiEBGABIAFgAdccmVsYXRpdmVQYXRoWWFsaWFzRGF0YV8QTC4uLy4uLy4uLy4uL0JveCBTeW5jL3BhcGVycy9wZGZzL0hhd2tpbnNHb2xkc3RvbmUxNl9Gb3JtYXRpb25Db252ZW50aW9ucy5wZGbSFwsYGVdOUy5kYXRhTxEB/gAAAAAB/gACAAAMTWFjaW50b3NoIEhEAAAAAAAAAAAAAAAAAAAAz9PIVkgrAAAADEJoH0hhd2tpbnNHb2xkc3RvbmUxNl8jNEM3NzlFNi5wZGYAAAAAAAAAAAAAAAAAAAAAAAAAAAAAAAAAAAAAAAAAAATHeebTGvjTUERGIAAAAAAABAAEAAAJIAAAAAAAAAAAAAAAAAAAAARwZGZzABAACAAAz9QqxgAAABEACAAA0xtbQwAAAAEAFAAMQmgADEJkAAw+FAAJaEoAAmb5AAIAUU1hY2ludG9zaCBIRDpVc2VyczoAcnhkaDoAQm94IFN5bmM6AHBhcGVyczoAcGRmczoASGF3a2luc0dvbGRzdG9uZTE2XyM0Qzc3OUU2LnBkZgAADgBYACsASABhAHcAawBpAG4AcwBHAG8AbABkAHMAdABvAG4AZQAxADYAXwBGAG8AcgBtAGEAdABpAG8AbgBDAG8AbgB2AGUAbgB0AGkAbwBuAHMALgBwAGQAZgAPABoADABNAGEAYwBpAG4AdABvAHMAaAAgAEgARAASAEtVc2Vycy9yeGRoL0JveCBTeW5jL3BhcGVycy9wZGZzL0hhd2tpbnNHb2xkc3RvbmUxNl9Gb3JtYXRpb25Db252ZW50aW9ucy5wZGYAABMAAS8AABUAAgAL//8AAIAG0hscHR5aJGNsYXNzbmFtZVgkY2xhc3Nlc11OU011dGFibGVEYXRhox0fIFZOU0RhdGFYTlNPYmplY3TSGxwiI1xOU0RpY3Rpb25hcnmiIiBfEA9OU0tleWVkQXJjaGl2ZXLRJidUcm9vdIABAAgAEQAaACMALQAyADcAQABGAE0AVQBgAGcAagBsAG4AcQBzAHUAdwCEAI4A3QDiAOoC7ALuAvMC/gMHAxUDGQMgAykDLgM7Az4DUANTA1gAAAAAAAACAQAAAAAAAAAoAAAAAAAAAAAAAAAAAAADWg==}}

@inproceedings{GrafEtAl16_BasicLevel,
	Author = {Graf, Caroline and Degen, Judith and Hawkins, Robert XD and Goodman, Noah D},
	Booktitle = {Proceedings of the 38th Annual Conference of the {C}ognitive {S}cience {S}ociety},
	Date-Added = {2017-01-18 10:35:54 +0000},
	Date-Modified = {2017-01-18 10:35:54 +0000},
	Editor = {Papafragou, A. and Grodner, D. and Mirman, D., and Trueswell, J.C.},
	Read = {1},
	Title = {Animal, dog, or dalmatian? Level of abstraction in nominal referring expressions},
	Year = {2016},
	Bdsk-File-1 = {YnBsaXN0MDDUAQIDBAUGJCVYJHZlcnNpb25YJG9iamVjdHNZJGFyY2hpdmVyVCR0b3ASAAGGoKgHCBMUFRYaIVUkbnVsbNMJCgsMDxJXTlMua2V5c1pOUy5vYmplY3RzViRjbGFzc6INDoACgAOiEBGABIAFgAdccmVsYXRpdmVQYXRoWWFsaWFzRGF0YV8QOi4uLy4uLy4uLy4uL0JveCBTeW5jL3BhcGVycy9wZGZzL0dyYWZFdEFsMTZfQmFzaWNMZXZlbC5wZGbSFwsYGVdOUy5kYXRhTxEBwgAAAAABwgACAAAMTWFjaW50b3NoIEhEAAAAAAAAAAAAAAAAAAAAz9PIVkgrAAAADEJoGUdyYWZFdEFsMTZfQmFzaWNMZXZlbC5wZGYAAAAAAAAAAAAAAAAAAAAAAAAAAAAAAAAAAAAAAAAAAAAAAAAAAATd+KLUjvvPAAAAAAAAAAAABAAEAAAJIAAAAAAAAAAAAAAAAAAAAARwZGZzABAACAAAz9QqxgAAABEACAAA1I9sTwAAAAEAFAAMQmgADEJkAAw+FAAJaEoAAmb5AAIAS01hY2ludG9zaCBIRDpVc2VyczoAcnhkaDoAQm94IFN5bmM6AHBhcGVyczoAcGRmczoAR3JhZkV0QWwxNl9CYXNpY0xldmVsLnBkZgAADgA0ABkARwByAGEAZgBFAHQAQQBsADEANgBfAEIAYQBzAGkAYwBMAGUAdgBlAGwALgBwAGQAZgAPABoADABNAGEAYwBpAG4AdABvAHMAaAAgAEgARAASADlVc2Vycy9yeGRoL0JveCBTeW5jL3BhcGVycy9wZGZzL0dyYWZFdEFsMTZfQmFzaWNMZXZlbC5wZGYAABMAAS8AABUAAgAL//8AAIAG0hscHR5aJGNsYXNzbmFtZVgkY2xhc3Nlc11OU011dGFibGVEYXRhox0fIFZOU0RhdGFYTlNPYmplY3TSGxwiI1xOU0RpY3Rpb25hcnmiIiBfEA9OU0tleWVkQXJjaGl2ZXLRJidUcm9vdIABAAgAEQAaACMALQAyADcAQABGAE0AVQBgAGcAagBsAG4AcQBzAHUAdwCEAI4AywDQANgCngKgAqUCsAK5AscCywLSAtsC4ALtAvADAgMFAwoAAAAAAAACAQAAAAAAAAAoAAAAAAAAAAAAAAAAAAADDA==}}

@misc{GoodmanStuhlmuller14_DIPPL,
	Author = {N. D. Goodman and A. Stuhlm{\"u}ller},
	Date-Added = {2017-01-18 09:47:01 +0000},
	Date-Modified = {2017-01-18 09:47:01 +0000},
	Lastchecked = {2015/1/16},
	Title = {The Design and Implementation of Probabilistic Programming Languages.},
	Url = {http://dippl.org},
	Year = {electronic},
	Bdsk-Url-1 = {http://dippl.org}}

@inproceedings{Toutanova03_POStagging,
	Author = {Toutanova, Kristina and Klein, Dan and Manning, Christopher D and Singer, Yoram},
	Booktitle = {NAACL-HLT},
	Date-Added = {2017-01-18 01:56:15 +0000},
	Date-Modified = {2017-01-18 01:56:15 +0000},
	Pages = {173--180},
	Title = {Feature-rich part-of-speech tagging with a cyclic dependency network},
	Year = {2003},
	Bdsk-File-1 = {YnBsaXN0MDDUAQIDBAUGJCVYJHZlcnNpb25YJG9iamVjdHNZJGFyY2hpdmVyVCR0b3ASAAGGoKgHCBMUFRYaIVUkbnVsbNMJCgsMDxJXTlMua2V5c1pOUy5vYmplY3RzViRjbGFzc6INDoACgAOiEBGABIAFgAdccmVsYXRpdmVQYXRoWWFsaWFzRGF0YV8QOy4uLy4uLy4uLy4uL0JveCBTeW5jL3BhcGVycy9wZGZzL1RvdXRhbm92YTAzX1BPU3RhZ2dpbmcucGRm0hcLGBlXTlMuZGF0YU8RAcQAAAAAAcQAAgAADE1hY2ludG9zaCBIRAAAAAAAAAAAAAAAAAAAAM/TyFZIKwAAAAxCaBpUb3V0YW5vdmEwM19QT1N0YWdnaW5nLnBkZgAAAAAAAAAAAAAAAAAAAAAAAAAAAAAAAAAAAAAAAAAAAAAAAAAE58KU1KQK2wAAAAAAAAAAAAQABAAACSAAAAAAAAAAAAAAAAAAAAAEcGRmcwAQAAgAAM/UKsYAAAARAAgAANSke1sAAAABABQADEJoAAxCZAAMPhQACWhKAAJm+QACAExNYWNpbnRvc2ggSEQ6VXNlcnM6AHJ4ZGg6AEJveCBTeW5jOgBwYXBlcnM6AHBkZnM6AFRvdXRhbm92YTAzX1BPU3RhZ2dpbmcucGRmAA4ANgAaAFQAbwB1AHQAYQBuAG8AdgBhADAAMwBfAFAATwBTAHQAYQBnAGcAaQBuAGcALgBwAGQAZgAPABoADABNAGEAYwBpAG4AdABvAHMAaAAgAEgARAASADpVc2Vycy9yeGRoL0JveCBTeW5jL3BhcGVycy9wZGZzL1RvdXRhbm92YTAzX1BPU3RhZ2dpbmcucGRmABMAAS8AABUAAgAL//8AAIAG0hscHR5aJGNsYXNzbmFtZVgkY2xhc3Nlc11OU011dGFibGVEYXRhox0fIFZOU0RhdGFYTlNPYmplY3TSGxwiI1xOU0RpY3Rpb25hcnmiIiBfEA9OU0tleWVkQXJjaGl2ZXLRJidUcm9vdIABAAgAEQAaACMALQAyADcAQABGAE0AVQBgAGcAagBsAG4AcQBzAHUAdwCEAI4AzADRANkCoQKjAqgCswK8AsoCzgLVAt4C4wLwAvMDBQMIAw0AAAAAAAACAQAAAAAAAAAoAAAAAAAAAAAAAAAAAAADDw==}}

@article{BrennanClark96_ConceptualPactsConversation,
	Annote = {critical for discussing our conventionalization study{\ldots} },
	Author = {Brennan, Susan E and Clark, Herbert H},
	Date-Added = {2017-01-17 07:08:15 +0000},
	Date-Modified = {2017-01-17 07:08:15 +0000},
	Journal = {Journal of Experimental Psychology: Learning, Memory, and Cognition},
	Number = {6},
	Pages = {1482},
	Publisher = {American Psychological Association},
	Title = {Conceptual pacts and lexical choice in conversation.},
	Volume = {22},
	Year = {1996},
	Bdsk-File-1 = {YnBsaXN0MDDUAQIDBAUGJCVYJHZlcnNpb25YJG9iamVjdHNZJGFyY2hpdmVyVCR0b3ASAAGGoKgHCBMUFRYaIVUkbnVsbNMJCgsMDxJXTlMua2V5c1pOUy5vYmplY3RzViRjbGFzc6INDoACgAOiEBGABIAFgAdccmVsYXRpdmVQYXRoWWFsaWFzRGF0YV8QTy4uLy4uLy4uLy4uL0JveCBTeW5jL3BhcGVycy9wZGZzL0JyZW5uYW5DbGFyazk2X0NvbmNlcHR1YWxQYWN0c0NvbnZlcnNhdGlvbi5wZGbSFwsYGVdOUy5kYXRhTxECBgAAAAACBgACAAAMTWFjaW50b3NoIEhEAAAAAAAAAAAAAAAAAAAAz9PIVkgrAAAADEJoH0JyZW5uYW5DbGFyazk2X0NvbmMjNEU3NjQ1OS5wZGYAAAAAAAAAAAAAAAAAAAAAAAAAAAAAAAAAAAAAAAAAAATnZFnQNeFLUERGIAAAAAAABAAEAAAJIAAAAAAAAAAAAAAAAAAAAARwZGZzABAACAAAz9QqxgAAABEACAAA0DZDuwAAAAEAFAAMQmgADEJkAAw+FAAJaEoAAmb5AAIAUU1hY2ludG9zaCBIRDpVc2VyczoAcnhkaDoAQm94IFN5bmM6AHBhcGVyczoAcGRmczoAQnJlbm5hbkNsYXJrOTZfQ29uYyM0RTc2NDU5LnBkZgAADgBeAC4AQgByAGUAbgBuAGEAbgBDAGwAYQByAGsAOQA2AF8AQwBvAG4AYwBlAHAAdAB1AGEAbABQAGEAYwB0AHMAQwBvAG4AdgBlAHIAcwBhAHQAaQBvAG4ALgBwAGQAZgAPABoADABNAGEAYwBpAG4AdABvAHMAaAAgAEgARAASAE5Vc2Vycy9yeGRoL0JveCBTeW5jL3BhcGVycy9wZGZzL0JyZW5uYW5DbGFyazk2X0NvbmNlcHR1YWxQYWN0c0NvbnZlcnNhdGlvbi5wZGYAEwABLwAAFQACAAv//wAAgAbSGxwdHlokY2xhc3NuYW1lWCRjbGFzc2VzXU5TTXV0YWJsZURhdGGjHR8gVk5TRGF0YVhOU09iamVjdNIbHCIjXE5TRGljdGlvbmFyeaIiIF8QD05TS2V5ZWRBcmNoaXZlctEmJ1Ryb290gAEACAARABoAIwAtADIANwBAAEYATQBVAGAAZwBqAGwAbgBxAHMAdQB3AIQAjgDgAOUA7QL3AvkC/gMJAxIDIAMkAysDNAM5A0YDSQNbA14DYwAAAAAAAAIBAAAAAAAAACgAAAAAAAAAAAAAAAAAAANl}}

@article{KraussWeinheimer64_ReferencePhrases,
	Annote = {first tangrams convention reference game},
	Author = {Krauss, Robert M and Weinheimer, Sidney},
	Date-Added = {2017-01-17 06:10:18 +0000},
	Date-Modified = {2017-01-17 06:10:29 +0000},
	Journal = {Psychonomic Science},
	Number = {1-12},
	Pages = {113--114},
	Publisher = {Springer},
	Read = {0},
	Title = {Changes in reference phrases as a function of frequency of usage in social interaction: A preliminary study},
	Volume = {1},
	Year = {1964},
	Bdsk-File-1 = {YnBsaXN0MDDUAQIDBAUGJCVYJHZlcnNpb25YJG9iamVjdHNZJGFyY2hpdmVyVCR0b3ASAAGGoKgHCBMUFRYaIVUkbnVsbNMJCgsMDxJXTlMua2V5c1pOUy5vYmplY3RzViRjbGFzc6INDoACgAOiEBGABIAFgAdccmVsYXRpdmVQYXRoWWFsaWFzRGF0YV8QSC4uLy4uLy4uLy4uL0JveCBTeW5jL3BhcGVycy9wZGZzL0tyYXVzc1dlaW5oZWltZXI2NF9SZWZlcmVuY2VQaHJhc2VzLnBkZtIXCxgZV05TLmRhdGFPEQHyAAAAAAHyAAIAAAxNYWNpbnRvc2ggSEQAAAAAAAAAAAAAAAAAAADP08hWSCsAAAAMQmgfS3JhdXNzV2VpbmhlaW1lcjY0XyM0RTc1NjlFLnBkZgAAAAAAAAAAAAAAAAAAAAAAAAAAAAAAAAAAAAAAAAAABOdWntRZ7IJQREYgAAAAAAAEAAQAAAkgAAAAAAAAAAAAAAAAAAAABHBkZnMAEAAIAADP1CrGAAAAEQAIAADUWl0CAAAAAQAUAAxCaAAMQmQADD4UAAloSgACZvkAAgBRTWFjaW50b3NoIEhEOlVzZXJzOgByeGRoOgBCb3ggU3luYzoAcGFwZXJzOgBwZGZzOgBLcmF1c3NXZWluaGVpbWVyNjRfIzRFNzU2OUUucGRmAAAOAFAAJwBLAHIAYQB1AHMAcwBXAGUAaQBuAGgAZQBpAG0AZQByADYANABfAFIAZQBmAGUAcgBlAG4AYwBlAFAAaAByAGEAcwBlAHMALgBwAGQAZgAPABoADABNAGEAYwBpAG4AdABvAHMAaAAgAEgARAASAEdVc2Vycy9yeGRoL0JveCBTeW5jL3BhcGVycy9wZGZzL0tyYXVzc1dlaW5oZWltZXI2NF9SZWZlcmVuY2VQaHJhc2VzLnBkZgAAEwABLwAAFQACAAv//wAAgAbSGxwdHlokY2xhc3NuYW1lWCRjbGFzc2VzXU5TTXV0YWJsZURhdGGjHR8gVk5TRGF0YVhOU09iamVjdNIbHCIjXE5TRGljdGlvbmFyeaIiIF8QD05TS2V5ZWRBcmNoaXZlctEmJ1Ryb290gAEACAARABoAIwAtADIANwBAAEYATQBVAGAAZwBqAGwAbgBxAHMAdQB3AIQAjgDZAN4A5gLcAt4C4wLuAvcDBQMJAxADGQMeAysDLgNAA0MDSAAAAAAAAAIBAAAAAAAAACgAAAAAAAAAAAAAAAAAAANK}}

@article{Hawkins15_RealTimeWebExperiments,
	Author = {Hawkins, Robert X. D.},
	Date-Added = {2017-01-16 02:04:55 +0000},
	Date-Modified = {2017-01-17 06:10:29 +0000},
	Journal = {Behavior Research Methods},
	Keywords = {Web experiments; Node.js; Behavioral game theory},
	Number = {4},
	Pages = {966-976},
	Read = {0},
	Title = {Conducting real-time multiplayer experiments on the web},
	Volume = {47},
	Year = {2015},
	Bdsk-File-1 = {YnBsaXN0MDDUAQIDBAUGJCVYJHZlcnNpb25YJG9iamVjdHNZJGFyY2hpdmVyVCR0b3ASAAGGoKgHCBMUFRYaIVUkbnVsbNMJCgsMDxJXTlMua2V5c1pOUy5vYmplY3RzViRjbGFzc6INDoACgAOiEBGABIAFgAdccmVsYXRpdmVQYXRoWWFsaWFzRGF0YV8QRS4uLy4uLy4uLy4uL0JveCBTeW5jL3BhcGVycy9wZGZzL0hhd2tpbnMxNV9SZWFsVGltZVdlYkV4cGVyaW1lbnRzLnBkZtIXCxgZV05TLmRhdGFPEQHoAAAAAAHoAAIAAAxNYWNpbnRvc2ggSEQAAAAAAAAAAAAAAAAAAADP08hWSCsAAAAMQmgfSGF3a2luczE1X1JlYWxUaW1lVyMzQjdFMTlBLnBkZgAAAAAAAAAAAAAAAAAAAAAAAAAAAAAAAAAAAAAAAAAAA7fhmtKum8EAAAAAAAAAAAAEAAQAAAkgAAAAAAAAAAAAAAAAAAAABHBkZnMAEAAIAADP1CrGAAAAEQAIAADSrwxBAAAAAQAUAAxCaAAMQmQADD4UAAloSgACZvkAAgBRTWFjaW50b3NoIEhEOlVzZXJzOgByeGRoOgBCb3ggU3luYzoAcGFwZXJzOgBwZGZzOgBIYXdraW5zMTVfUmVhbFRpbWVXIzNCN0UxOUEucGRmAAAOAEoAJABIAGEAdwBrAGkAbgBzADEANQBfAFIAZQBhAGwAVABpAG0AZQBXAGUAYgBFAHgAcABlAHIAaQBtAGUAbgB0AHMALgBwAGQAZgAPABoADABNAGEAYwBpAG4AdABvAHMAaAAgAEgARAASAERVc2Vycy9yeGRoL0JveCBTeW5jL3BhcGVycy9wZGZzL0hhd2tpbnMxNV9SZWFsVGltZVdlYkV4cGVyaW1lbnRzLnBkZgATAAEvAAAVAAIAC///AACABtIbHB0eWiRjbGFzc25hbWVYJGNsYXNzZXNdTlNNdXRhYmxlRGF0YaMdHyBWTlNEYXRhWE5TT2JqZWN00hscIiNcTlNEaWN0aW9uYXJ5oiIgXxAPTlNLZXllZEFyY2hpdmVy0SYnVHJvb3SAAQAIABEAGgAjAC0AMgA3AEAARgBNAFUAYABnAGoAbABuAHEAcwB1AHcAhACOANYA2wDjAs8C0QLWAuEC6gL4AvwDAwMMAxEDHgMhAzMDNgM7AAAAAAAAAgEAAAAAAAAAKAAAAAAAAAAAAAAAAAAAAz0=}}

@article{Delgado02_ConventionsNetworks,
	Author = {Delgado, Jordi},
	Date-Added = {2017-01-16 01:42:56 +0000},
	Date-Modified = {2017-01-16 01:42:56 +0000},
	Journal = {Artificial intelligence},
	Number = {1},
	Pages = {171--185},
	Publisher = {Elsevier},
	Title = {Emergence of social conventions in complex networks},
	Volume = {141},
	Year = {2002},
	Bdsk-File-1 = {YnBsaXN0MDDUAQIDBAUGJCVYJHZlcnNpb25YJG9iamVjdHNZJGFyY2hpdmVyVCR0b3ASAAGGoKgHCBMUFRYaIVUkbnVsbNMJCgsMDxJXTlMua2V5c1pOUy5vYmplY3RzViRjbGFzc6INDoACgAOiEBGABIAFgAdccmVsYXRpdmVQYXRoWWFsaWFzRGF0YV8QQi4uLy4uLy4uLy4uL0JveCBTeW5jL3BhcGVycy9wZGZzL0RlbGdhZG8wMl9Db252ZW50aW9uc05ldHdvcmtzLnBkZtIXCxgZV05TLmRhdGFPEQHgAAAAAAHgAAIAAAxNYWNpbnRvc2ggSEQAAAAAAAAAAAAAAAAAAADP08hWSCsAAAAMQmgfRGVsZ2FkbzAyX0NvbnZlbnRpbyMzQ0E3NjVGLnBkZgAAAAAAAAAAAAAAAAAAAAAAAAAAAAAAAAAAAAAAAAAAA8p2X9LBw0AAAAAAAAAAAAAEAAQAAAkgAAAAAAAAAAAAAAAAAAAABHBkZnMAEAAIAADP1CrGAAAAEQAIAADSwjPAAAAAAQAUAAxCaAAMQmQADD4UAAloSgACZvkAAgBRTWFjaW50b3NoIEhEOlVzZXJzOgByeGRoOgBCb3ggU3luYzoAcGFwZXJzOgBwZGZzOgBEZWxnYWRvMDJfQ29udmVudGlvIzNDQTc2NUYucGRmAAAOAEQAIQBEAGUAbABnAGEAZABvADAAMgBfAEMAbwBuAHYAZQBuAHQAaQBvAG4AcwBOAGUAdAB3AG8AcgBrAHMALgBwAGQAZgAPABoADABNAGEAYwBpAG4AdABvAHMAaAAgAEgARAASAEFVc2Vycy9yeGRoL0JveCBTeW5jL3BhcGVycy9wZGZzL0RlbGdhZG8wMl9Db252ZW50aW9uc05ldHdvcmtzLnBkZgAAEwABLwAAFQACAAv//wAAgAbSGxwdHlokY2xhc3NuYW1lWCRjbGFzc2VzXU5TTXV0YWJsZURhdGGjHR8gVk5TRGF0YVhOU09iamVjdNIbHCIjXE5TRGljdGlvbmFyeaIiIF8QD05TS2V5ZWRBcmNoaXZlctEmJ1Ryb290gAEACAARABoAIwAtADIANwBAAEYATQBVAGAAZwBqAGwAbgBxAHMAdQB3AIQAjgDTANgA4ALEAsYCywLWAt8C7QLxAvgDAQMGAxMDFgMoAysDMAAAAAAAAAIBAAAAAAAAACgAAAAAAAAAAAAAAAAAAAMy}}

@book{Lewis69_Convention,
	Author = {Lewis, David},
	Date-Added = {2017-01-16 01:40:45 +0000},
	Date-Modified = {2017-01-16 01:40:45 +0000},
	Publisher = {Harvard University Press},
	Title = {Convention: A philosophical study},
	Year = {1969}}

@article{GarrodDoherty94_GroupConventionsLinguistics,
	Author = {Garrod, Simon and Doherty, Gwyneth},
	Date-Added = {2017-01-07 23:52:36 +0000},
	Date-Modified = {2017-01-07 23:52:36 +0000},
	Journal = {Cognition},
	Number = {3},
	Pages = {181--215},
	Publisher = {Elsevier},
	Title = {Conversation, co-ordination and convention: An empirical investigation of how groups establish linguistic conventions},
	Volume = {53},
	Year = {1994},
	Bdsk-File-1 = {YnBsaXN0MDDUAQIDBAUGJCVYJHZlcnNpb25YJG9iamVjdHNZJGFyY2hpdmVyVCR0b3ASAAGGoKgHCBMUFRYaIVUkbnVsbNMJCgsMDxJXTlMua2V5c1pOUy5vYmplY3RzViRjbGFzc6INDoACgAOiEBGABIAFgAdccmVsYXRpdmVQYXRoWWFsaWFzRGF0YV8QUC4uLy4uLy4uLy4uL0JveCBTeW5jL3BhcGVycy9wZGZzL0dhcnJvZERvaGVydHk5NF9Hcm91cENvbnZlbnRpb25zTGluZ3Vpc3RpY3MucGRm0hcLGBlXTlMuZGF0YU8RAgoAAAAAAgoAAgAADE1hY2ludG9zaCBIRAAAAAAAAAAAAAAAAAAAAM/TyFZIKwAAAAxCaB9HYXJyb2REb2hlcnR5OTRfR3JvdSM1MDE1Q0IucGRmAAAAAAAAAAAAAAAAAAAAAAAAAAAAAAAAAAAAAAAAAAAAUBXL0JP0QAAAAAAAAAAAAAQABAAACSAAAAAAAAAAAAAAAAAAAAAEcGRmcwAQAAgAAM/UKsYAAAARAAgAANCUZMAAAAABABQADEJoAAxCZAAMPhQACWhKAAJm+QACAFFNYWNpbnRvc2ggSEQ6VXNlcnM6AHJ4ZGg6AEJveCBTeW5jOgBwYXBlcnM6AHBkZnM6AEdhcnJvZERvaGVydHk5NF9Hcm91IzUwMTVDQi5wZGYAAA4AYAAvAEcAYQByAHIAbwBkAEQAbwBoAGUAcgB0AHkAOQA0AF8ARwByAG8AdQBwAEMAbwBuAHYAZQBuAHQAaQBvAG4AcwBMAGkAbgBnAHUAaQBzAHQAaQBjAHMALgBwAGQAZgAPABoADABNAGEAYwBpAG4AdABvAHMAaAAgAEgARAASAE9Vc2Vycy9yeGRoL0JveCBTeW5jL3BhcGVycy9wZGZzL0dhcnJvZERvaGVydHk5NF9Hcm91cENvbnZlbnRpb25zTGluZ3Vpc3RpY3MucGRmAAATAAEvAAAVAAIAC///AACABtIbHB0eWiRjbGFzc25hbWVYJGNsYXNzZXNdTlNNdXRhYmxlRGF0YaMdHyBWTlNEYXRhWE5TT2JqZWN00hscIiNcTlNEaWN0aW9uYXJ5oiIgXxAPTlNLZXllZEFyY2hpdmVy0SYnVHJvb3SAAQAIABEAGgAjAC0AMgA3AEAARgBNAFUAYABnAGoAbABuAHEAcwB1AHcAhACOAOEA5gDuAvwC/gMDAw4DFwMlAykDMAM5Az4DSwNOA2ADYwNoAAAAAAAAAgEAAAAAAAAAKAAAAAAAAAAAAAAAAAAAA2o=}}

@article{GibsonBergenPiantadosi13_RationalIntegrationNoisy,
	Author = {Gibson, Edward and Bergen, Leon and Piantadosi, Steven T},
	Date-Added = {2017-01-06 21:02:57 +0000},
	Date-Modified = {2017-01-06 21:02:57 +0000},
	Journal = {Proceedings of the National Academy of Sciences},
	Number = {20},
	Pages = {8051--8056},
	Publisher = {National Acad Sciences},
	Title = {Rational integration of noisy evidence and prior semantic expectations in sentence interpretation},
	Volume = {110},
	Year = {2013},
	Bdsk-File-1 = {YnBsaXN0MDDUAQIDBAUGJCVYJHZlcnNpb25YJG9iamVjdHNZJGFyY2hpdmVyVCR0b3ASAAGGoKgHCBMUFRYaIVUkbnVsbNMJCgsMDxJXTlMua2V5c1pOUy5vYmplY3RzViRjbGFzc6INDoACgAOiEBGABIAFgAdccmVsYXRpdmVQYXRoWWFsaWFzRGF0YV8QVi4uLy4uLy4uLy4uL0JveCBTeW5jL3BhcGVycy9wZGZzL0dpYnNvbkJlcmdlblBpYW50YWRvc2kxM19SYXRpb25hbEludGVncmF0aW9uTm9pc3kucGRm0hcLGBlXTlMuZGF0YU8RAhwAAAAAAhwAAgAADE1hY2ludG9zaCBIRAAAAAAAAAAAAAAAAAAAAM/TyFZIKwAAAAxCaB9HaWJzb25CZXJnZW5QaWFudGFkbyNCRTVEM0YucGRmAAAAAAAAAAAAAAAAAAAAAAAAAAAAAAAAAAAAAAAAAAAAvl0/0PBL6gAAAAAAAAAAAAQABAAACSAAAAAAAAAAAAAAAAAAAAAEcGRmcwAQAAgAAM/UKsYAAAARAAgAANDwvGoAAAABABQADEJoAAxCZAAMPhQACWhKAAJm+QACAFFNYWNpbnRvc2ggSEQ6VXNlcnM6AHJ4ZGg6AEJveCBTeW5jOgBwYXBlcnM6AHBkZnM6AEdpYnNvbkJlcmdlblBpYW50YWRvI0JFNUQzRi5wZGYAAA4AbAA1AEcAaQBiAHMAbwBuAEIAZQByAGcAZQBuAFAAaQBhAG4AdABhAGQAbwBzAGkAMQAzAF8AUgBhAHQAaQBvAG4AYQBsAEkAbgB0AGUAZwByAGEAdABpAG8AbgBOAG8AaQBzAHkALgBwAGQAZgAPABoADABNAGEAYwBpAG4AdABvAHMAaAAgAEgARAASAFVVc2Vycy9yeGRoL0JveCBTeW5jL3BhcGVycy9wZGZzL0dpYnNvbkJlcmdlblBpYW50YWRvc2kxM19SYXRpb25hbEludGVncmF0aW9uTm9pc3kucGRmAAATAAEvAAAVAAIAC///AACABtIbHB0eWiRjbGFzc25hbWVYJGNsYXNzZXNdTlNNdXRhYmxlRGF0YaMdHyBWTlNEYXRhWE5TT2JqZWN00hscIiNcTlNEaWN0aW9uYXJ5oiIgXxAPTlNLZXllZEFyY2hpdmVy0SYnVHJvb3SAAQAIABEAGgAjAC0AMgA3AEAARgBNAFUAYABnAGoAbABuAHEAcwB1AHcAhACOAOcA7AD0AxQDFgMbAyYDLwM9A0EDSANRA1YDYwNmA3gDewOAAAAAAAAAAgEAAAAAAAAAKAAAAAAAAAAAAAAAAAAAA4I=}}

@inproceedings{SmithGoodmanFrank13_RecursivePragmaticReasoningNIPS,
	Author = {Smith, Nathaniel J and Goodman, Noah and Frank, Michael},
	Booktitle = {Advances in neural information processing systems},
	Date-Added = {2017-01-06 04:29:59 +0000},
	Date-Modified = {2017-01-17 06:10:30 +0000},
	Pages = {3039--3047},
	Read = {0},
	Title = {Learning and using language via recursive pragmatic reasoning about other agents},
	Year = {2013},
	Bdsk-File-1 = {YnBsaXN0MDDUAQIDBAUGJCVYJHZlcnNpb25YJG9iamVjdHNZJGFyY2hpdmVyVCR0b3ASAAGGoKgHCBMUFRYaIVUkbnVsbNMJCgsMDxJXTlMua2V5c1pOUy5vYmplY3RzViRjbGFzc6INDoACgAOiEBGABIAFgAdccmVsYXRpdmVQYXRoWWFsaWFzRGF0YV8QWC4uLy4uLy4uLy4uL0JveCBTeW5jL3BhcGVycy9wZGZzL1NtaXRoR29vZG1hbkZyYW5rMTNfUmVjdXJzaXZlUHJhZ21hdGljUmVhc29uaW5nTklQUy5wZGbSFwsYGVdOUy5kYXRhTxECIgAAAAACIgACAAAMTWFjaW50b3NoIEhEAAAAAAAAAAAAAAAAAAAAz9PIVkgrAAAADEJoH1NtaXRoR29vZG1hbkZyYW5rMTMjNEU1MTdENC5wZGYAAAAAAAAAAAAAAAAAAAAAAAAAAAAAAAAAAAAAAAAAAATlF9TQnkU3UERGIAAAAAAABAAEAAAJIAAAAAAAAAAAAAAAAAAAAARwZGZzABAACAAAz9QqxgAAABEACAAA0J61twAAAAEAFAAMQmgADEJkAAw+FAAJaEoAAmb5AAIAUU1hY2ludG9zaCBIRDpVc2VyczoAcnhkaDoAQm94IFN5bmM6AHBhcGVyczoAcGRmczoAU21pdGhHb29kbWFuRnJhbmsxMyM0RTUxN0Q0LnBkZgAADgBwADcAUwBtAGkAdABoAEcAbwBvAGQAbQBhAG4ARgByAGEAbgBrADEAMwBfAFIAZQBjAHUAcgBzAGkAdgBlAFAAcgBhAGcAbQBhAHQAaQBjAFIAZQBhAHMAbwBuAGkAbgBnAE4ASQBQAFMALgBwAGQAZgAPABoADABNAGEAYwBpAG4AdABvAHMAaAAgAEgARAASAFdVc2Vycy9yeGRoL0JveCBTeW5jL3BhcGVycy9wZGZzL1NtaXRoR29vZG1hbkZyYW5rMTNfUmVjdXJzaXZlUHJhZ21hdGljUmVhc29uaW5nTklQUy5wZGYAABMAAS8AABUAAgAL//8AAIAG0hscHR5aJGNsYXNzbmFtZVgkY2xhc3Nlc11OU011dGFibGVEYXRhox0fIFZOU0RhdGFYTlNPYmplY3TSGxwiI1xOU0RpY3Rpb25hcnmiIiBfEA9OU0tleWVkQXJjaGl2ZXLRJidUcm9vdIABAAgAEQAaACMALQAyADcAQABGAE0AVQBgAGcAagBsAG4AcQBzAHUAdwCEAI4A6QDuAPYDHAMeAyMDLgM3A0UDSQNQA1kDXgNrA24DgAODA4gAAAAAAAACAQAAAAAAAAAoAAAAAAAAAAAAAAAAAAADig==}}

@article{BergenLevyGoodman16_LexicalUncertainty,
	Annote = {epic paper showing how M-implicatures can be predicted by uncertainty over the lexicon},
	Author = {Bergen, Leon and Levy, Roger and Goodman, Noah},
	Date-Added = {2017-01-06 04:14:40 +0000},
	Date-Modified = {2017-01-06 04:14:40 +0000},
	Journal = {Semantics and Pragmatics},
	Number = {20},
	Title = {Pragmatic reasoning through semantic inference},
	Volume = {9},
	Year = {2016},
	Bdsk-File-1 = {YnBsaXN0MDDUAQIDBAUGJCVYJHZlcnNpb25YJG9iamVjdHNZJGFyY2hpdmVyVCR0b3ASAAGGoKgHCBMUFRYaIVUkbnVsbNMJCgsMDxJXTlMua2V5c1pOUy5vYmplY3RzViRjbGFzc6INDoACgAOiEBGABIAFgAdccmVsYXRpdmVQYXRoWWFsaWFzRGF0YV8QSy4uLy4uLy4uLy4uL0JveCBTeW5jL3BhcGVycy9wZGZzL0JlcmdlbkxldnlHb29kbWFuMTZfTGV4aWNhbFVuY2VydGFpbnR5LnBkZtIXCxgZV05TLmRhdGFPEQH6AAAAAAH6AAIAAAxNYWNpbnRvc2ggSEQAAAAAAAAAAAAAAAAAAADP08hWSCsAAAAMQmgfQmVyZ2VuTGV2eUdvb2RtYW4xNiM0RTg3N0ZBLnBkZgAAAAAAAAAAAAAAAAAAAAAAAAAAAAAAAAAAAAAAAAAABOh3+tRjKG1QREYgAAAAAAAEAAQAAAkgAAAAAAAAAAAAAAAAAAAABHBkZnMAEAAIAADP1CrGAAAAEQAIAADUY5jtAAAAAQAUAAxCaAAMQmQADD4UAAloSgACZvkAAgBRTWFjaW50b3NoIEhEOlVzZXJzOgByeGRoOgBCb3ggU3luYzoAcGFwZXJzOgBwZGZzOgBCZXJnZW5MZXZ5R29vZG1hbjE2IzRFODc3RkEucGRmAAAOAFYAKgBCAGUAcgBnAGUAbgBMAGUAdgB5AEcAbwBvAGQAbQBhAG4AMQA2AF8ATABlAHgAaQBjAGEAbABVAG4AYwBlAHIAdABhAGkAbgB0AHkALgBwAGQAZgAPABoADABNAGEAYwBpAG4AdABvAHMAaAAgAEgARAASAEpVc2Vycy9yeGRoL0JveCBTeW5jL3BhcGVycy9wZGZzL0JlcmdlbkxldnlHb29kbWFuMTZfTGV4aWNhbFVuY2VydGFpbnR5LnBkZgATAAEvAAAVAAIAC///AACABtIbHB0eWiRjbGFzc25hbWVYJGNsYXNzZXNdTlNNdXRhYmxlRGF0YaMdHyBWTlNEYXRhWE5TT2JqZWN00hscIiNcTlNEaWN0aW9uYXJ5oiIgXxAPTlNLZXllZEFyY2hpdmVy0SYnVHJvb3SAAQAIABEAGgAjAC0AMgA3AEAARgBNAFUAYABnAGoAbABuAHEAcwB1AHcAhACOANwA4QDpAucC6QLuAvkDAgMQAxQDGwMkAykDNgM5A0sDTgNTAAAAAAAAAgEAAAAAAAAAKAAAAAAAAAAAAAAAAAAAA1U=}}

@article{GoodmanStuhlmuller13_KnowledgeImplicature,
	Author = {Goodman, Noah D and Stuhlm{\"u}ller, Andreas},
	Date-Added = {2017-01-06 04:06:11 +0000},
	Date-Modified = {2017-01-06 04:06:11 +0000},
	Journal = {Topics in cognitive science},
	Number = {1},
	Pages = {173--184},
	Publisher = {Wiley Online Library},
	Title = {Knowledge and implicature: Modeling language understanding as social cognition},
	Volume = {5},
	Year = {2013}}

@article{GoodmanFrank16_RSATiCS,
	Annote = {RSA review},
	Author = {Goodman, Noah D and Frank, Michael C},
	Date-Added = {2017-01-06 03:46:09 +0000},
	Date-Modified = {2017-01-06 03:46:09 +0000},
	Journal = {Trends in Cognitive Sciences},
	Number = {11},
	Pages = {818 - 829},
	Publisher = {Elsevier},
	Title = {Pragmatic language interpretation as probabilistic inference},
	Volume = {20},
	Year = {2016}}

@article{Barr2004_ConventionalCommunicationSystems,
	Author = {Barr, Dale J},
	Date-Added = {2017-01-06 03:24:24 +0000},
	Date-Modified = {2017-01-06 03:24:24 +0000},
	Journal = {Cognitive Science},
	Number = {6},
	Pages = {937--962},
	Publisher = {Elsevier},
	Title = {Establishing conventional communication systems: Is common knowledge necessary?},
	Volume = {28},
	Year = {2004}}

@article{CentolaBaronchelli15_ConventionEmergence,
	Author = {Centola, Damon and Baronchelli, Andrea},
	Date-Added = {2017-01-06 03:05:58 +0000},
	Date-Modified = {2017-01-06 03:06:00 +0000},
	Journal = {Proceedings of the National Academy of Sciences},
	Number = {7},
	Pages = {1989--1994},
	Publisher = {National Acad Sciences},
	Title = {The spontaneous emergence of conventions: An experimental study of cultural evolution},
	Volume = {112},
	Year = {2015}}

@article{ShohamTennenholtz97_EmergenceOfConventions,
	Author = {Shoham, Yoav and Tennenholtz, Moshe},
	Date-Added = {2017-01-06 03:05:21 +0000},
	Date-Modified = {2017-01-06 03:05:23 +0000},
	Journal = {Artificial Intelligence},
	Number = {1},
	Pages = {139--166},
	Publisher = {Elsevier},
	Title = {On the emergence of social conventions: modeling, analysis, and simulations},
	Volume = {94},
	Year = {1997}}

@article{Young15_EvolutionOfSocialNorms,
	Author = {Young, H Peyton},
	Date-Added = {2017-01-06 02:58:59 +0000},
	Date-Modified = {2017-01-06 02:59:02 +0000},
	Journal = {Annual Review of Economics},
	Pages = {359--387},
	Title = {The Evolution of Social Norms},
	Volume = {7},
	Year = {2015}}

@article{ClarkWilkesGibbs86_ReferringCollaborative,
	Author = {Clark, Herbert H and Wilkes-Gibbs, Deanna},
	Date-Added = {2017-01-06 02:36:41 +0000},
	Date-Modified = {2017-01-06 02:37:16 +0000},
	Journal = {Cognition},
	Number = {1},
	Pages = {1--39},
	Publisher = {Elsevier},
	Title = {Referring as a collaborative process},
	Volume = {22},
	Year = {1986}}

@article{BlasiEtAl16_SoundMeaningAssociation,
	Abstract = {It is widely assumed that one of the fundamental properties of spoken language is the arbitrary relation between sound and meaning. Some exceptions in the form of nonarbitrary associations have been documented in linguistics, cognitive science, and anthropology, but these studies only involved small subsets of the 6,000+ languages spoken in the world today. By analyzing word lists covering nearly two-thirds of the world's languages, we demonstrate that a considerable proportion of 100 basic vocabulary items carry strong associations with specific kinds of human speech sounds, occurring persistently across continents and linguistic lineages (linguistic families or isolates). Prominently among these relations, we find property words (``small'' and i, ``full'' and p or b) and body part terms (``tongue'' and l, ``nose'' and n). The areal and historical distribution of these associations suggests that they often emerge independently rather than being inherited or borrowed. Our results therefore have important implications for the language sciences, given that nonarbitrary associations have been proposed to play a critical role in the emergence of cross-modal mappings, the acquisition of language, and the evolution of our species' unique communication system.},
	Author = {Blasi, Dami{\'a}n E. and Wichmann, S{\o}ren and Hammarstr{\"o}m, Harald and Stadler, Peter F. and Christiansen, Morten H.},
	Date-Added = {2017-01-06 02:36:25 +0000},
	Date-Modified = {2017-01-06 02:36:25 +0000},
	Eprint = {http://www.pnas.org/content/113/39/10818.full.pdf},
	Journal = {Proceedings of the National Academy of Sciences},
	Number = {39},
	Pages = {10818-10823},
	Title = {Sound--meaning association biases evidenced across thousands of languages},
	Volume = {113},
	Year = {2016}}

@article{LewisFrank16_LengthOfWordsComplexity,
	Abstract = {Abstract Are the forms of words systematically related to their meaning? The arbitrariness of the sign has long been a foundational part of our understanding of human language. Theories of communication predict a relationship between length and meaning, however: Longer descriptions should be more conceptually complex. Here we show that both the lexicons of human languages and individual speakers encode the relationship between linguistic and conceptual complexity. Experimentally, participants mapped longer words to more complex objects in comprehension and production tasks and across a range of stimuli. Explicit judgments of conceptual complexity were also highly correlated with implicit measures of study time in a memory task, suggesting that complexity is directly related to basic cognitive processes. Observationally, judgments of conceptual complexity for a sample of real words correlate highly with their length across 80 languages, even controlling for frequency, familiarity, imageability, and concreteness. While word lengths are systematically related to usage---both frequency and contextual predictability---our results reveal a systematic relationship with meaning as well. They point to a general regularity in the design of lexicons and suggest that pragmatic pressures may influence the structure of the lexicon. },
	Author = {Molly L. Lewis and Michael C. Frank},
	Date-Added = {2017-01-06 02:36:13 +0000},
	Date-Modified = {2017-01-06 02:37:10 +0000},
	Issn = {0010-0277},
	Journal = {Cognition},
	Keywords = {Language evolution},
	Pages = {182 - 195},
	Title = {The length of words reflects their conceptual complexity},
	Volume = {153},
	Year = {2016}}

@article{DingemanseEtAl15_IconicityLanguage,
	Author = {Dingemanse, Mark and Blasi, Dami{\'a}n E and Lupyan, Gary and Christiansen, Morten H and Monaghan, Padraic},
	Date-Added = {2017-01-06 02:35:58 +0000},
	Date-Modified = {2017-01-06 02:35:58 +0000},
	Journal = {Trends in cognitive sciences},
	Number = {10},
	Pages = {603--615},
	Publisher = {Elsevier},
	Read = {1},
	Title = {Arbitrariness, Iconicity, and Systematicity in Language},
	Volume = {19},
	Year = {2015}}

@article{MonaghanEtAl14_ArbitraryLanguage,
	Author = {Monaghan, Padraic and Shillcock, Richard C and Christiansen, Morten H and Kirby, Simon},
	Date-Added = {2017-01-06 02:35:45 +0000},
	Date-Modified = {2017-01-06 02:37:03 +0000},
	Journal = {Philosophical Transactions of the Royal Society B: Biological Sciences},
	Number = {1651},
	Pages = {20130299},
	Publisher = {The Royal Society},
	Title = {How arbitrary is language?},
	Volume = {369},
	Year = {2014}}

@article{ComanEtAl16_MnemonicConvergence,
	Abstract = {The development of shared memories, beliefs, and norms is a fundamental characteristic of human communities. These emergent outcomes are thought to occur owing to a dynamic system of information sharing and memory updating, which fundamentally depends on communication. Here we report results on the formation of collective memories in laboratory-created communities. We manipulated conversational network structure in a series of real-time, computer-mediated interactions in fourteen 10-member communities. The results show that mnemonic convergence, measured as the degree of overlap among community members' memories, is influenced by both individual-level information-processing phenomena and by the conversational social network structure created during conversational recall. By studying laboratory-created social networks, we show how large-scale social phenomena (i.e., collective memory) can emerge out of microlevel local dynamics (i.e., mnemonic reinforcement and suppression effects). The social-interactionist approach proposed herein points to optimal strategies for spreading information in social networks and provides a framework for measuring and forging collective memories in communities of individuals.},
	Author = {Coman, Alin and Momennejad, Ida and Drach, Rae D. and Geana, Andra},
	Date-Added = {2017-01-06 02:35:30 +0000},
	Date-Modified = {2017-01-06 02:37:00 +0000},
	Journal = {Proceedings of the National Academy of Sciences},
	Number = {29},
	Pages = {8171-8176},
	Read = {1},
	Title = {Mnemonic convergence in social networks: The emergent properties of cognition at a collective level},
	Volume = {113},
	Year = {2016}}

@article{StolkVerhagenToni16_ConceptualAlignment,
	Author = {Stolk, Arjen and Verhagen, Lennart and Toni, Ivan},
	Date-Added = {2017-01-06 02:35:19 +0000},
	Date-Modified = {2017-01-06 02:35:19 +0000},
	Journal = {Trends in Cognitive Sciences},
	Number = {3},
	Pages = {180--191},
	Publisher = {Elsevier},
	Read = {1},
	Title = {Conceptual Alignment: How Brains Achieve Mutual Understanding},
	Volume = {20},
	Year = {2016}}

@article{Strawson64_IntentionConvention,
	Author = {Strawson, Peter F},
	Date-Added = {2017-01-06 02:35:07 +0000},
	Date-Modified = {2017-01-06 02:36:56 +0000},
	Journal = {The philosophical review},
	Pages = {439--460},
	Publisher = {JSTOR},
	Title = {Intention and convention in speech acts},
	Year = {1964}}
